@book{ghezzi2002fundamentals,
  title={Fundamentals of software engineering},
  author={Ghezzi, Carlo and Jazayeri, Mehdi and Mandrioli, Dino},
  year={2002},
  publisher={Prentice Hall PTR}
}

@article{hoffman1999software,
  title={Software Design, Automated Testing, and Maintenance--A Practical Approach},
  author={Hoffman, Daniel and Strooper, Paul},
  year={1999},
  publisher={Citeseer}
}




