@inproceedings{smith2006systematic,
  title={Systematic development of requirements documentation for general purpose scientific computing software},
  author={Smith, Spencer},
  booktitle={Requirements Engineering, 14th IEEE International Conference},
  pages={209--218},
  year={2006},
  organization={IEEE}
}

@article{dekker1994parallel,
  title={Parallel algorithms for solving large linear systems},
  author={Dekker, Theodorus Jozef and Hoffmann, W and Potma, K},
  journal={Journal of Computational and Applied Mathematics},
  volume={50},
  number={1-3},
  pages={221--232},
  year={1994},
  publisher={Elsevier}
}